@article{nielson2003marching,
    title={On marching cubes},
    author={Nielson, Gregory M.},
    journal={IEEE Transactions on visualization and computer graphics},
    volume={9},
    number={3},
    pages={283--297},
    year={2003},
    publisher={IEEE}
}
